<?xml version="1.0" encoding="UTF-8"?><collection xmlns="http://www.loc.gov/MARC21/slim"><record><leader>00488nam--2200169-i-4500</leader><controlfield tag="001">000000067</controlfield><controlfield tag="002">20161230</controlfield><controlfield tag="005">20170107141059</controlfield><controlfield tag="008">060222s1000------------r-----000-0-eng-d</controlfield><datafield ind1=" " ind2=" " tag="080"><subfield code="a">621.385</subfield></datafield><datafield ind1=" " ind2=" " tag="100"><subfield code="a">Gewartowski, J. W</subfield></datafield><datafield ind1=" " ind2=" " tag="245"><subfield code="a">Principles of electron tubes. Including grid controlled tubes, microwave tubes and gas tubes</subfield></datafield><datafield ind1=" " ind2=" " tag="260"><subfield code="a">Princeton</subfield><subfield code="b">D.Van Nostrand Company, Inc</subfield></datafield><datafield ind1=" " ind2=" " tag="300"><subfield code="a">XVI + 655 p</subfield></datafield><datafield ind1=" " ind2=" " tag="700"><subfield code="a">Watson, H. A</subfield></datafield><datafield ind1=" " ind2=" " tag="852"><subfield code="a">76214</subfield></datafield><datafield ind1=" " ind2=" " tag="CAT"><subfield code="a">SYS</subfield><subfield code="c">20170107</subfield><subfield code="h">141059</subfield></datafield></record></collection>